@book{demetrescu,
  title={Algoritmi e strutture dati},
  author={Demetrescu, C. and Finocchi, I. and Italiano, G.F.},
  isbn={9788838661617},
  series={Collana di istruzione scientifica},
  url={https://books.google.it/books?id=b4gxPQAACAAJ},
  year={2004},
  publisher={McGraw-Hill Companies}
}
